<?xml version="1.0" encoding="UTF-8"?><record xmlns="http://www.loc.gov/MARC21/slim" xmlns:cinclude="http://apache.org/cocoon/include/1.0" xmlns:zs="http://www.loc.gov/zing/srw/">
  <leader>00459nz  a2200133n  4500</leader>
  <controlfield tag="001">nr 99013802 </controlfield>
  <controlfield tag="003">DLC</controlfield>
  <controlfield tag="005">19990429053052.5</controlfield>
  <controlfield tag="008">990428n| acannaab|          |a aaa      </controlfield>
  <datafield tag="010" ind1=" " ind2=" ">
    <subfield code="a">nr 99013802 </subfield>
  </datafield>
  <datafield tag="040" ind1=" " ind2=" ">
    <subfield code="a">DLC-R</subfield>
    <subfield code="b">eng</subfield>
    <subfield code="c">DLC-R</subfield>
  </datafield>
  <datafield tag="100" ind1="1" ind2=" ">
    <subfield code="a">Rabinovits, Shalom Dov.</subfield>
    <subfield code="t">Shaʻare Shalom (ʻInyanim)</subfield>
  </datafield>
  <datafield tag="400" ind1="1" ind2=" ">
    <subfield code="a">Rabinovits, Shalom Dov.</subfield>
    <subfield code="t">Sefer Shaʻare Shalom</subfield>
  </datafield>
  <datafield tag="670" ind1=" " ind2=" ">
    <subfield code="a">Sefer Shaʻare Shalom, 1975 or 1976-1976 or 1977:</subfield>
    <subfield code="b">v. 1, t.p. (ḥidushim ... be-khamah ʻinyanim)</subfield>
  </datafield>
</record>